<?xml version="1.0" encoding="UTF-8"?><record xmlns="http://www.loc.gov/MARC21/slim" xmlns:cinclude="http://apache.org/cocoon/include/1.0" xmlns:zs="http://www.loc.gov/zing/srw/">
  <leader>00439cz  a2200145n  4500</leader>
  <controlfield tag="001">n  83828313 </controlfield>
  <controlfield tag="003">DLC</controlfield>
  <controlfield tag="005">20111104074731.0</controlfield>
  <controlfield tag="008">840201n| acannaabn          |a aaa     c</controlfield>
  <datafield tag="010" ind1=" " ind2=" ">
    <subfield code="a">n  83828313 </subfield>
  </datafield>
  <datafield tag="035" ind1=" " ind2=" ">
    <subfield code="a">(OCoLC)oca01057398</subfield>
  </datafield>
  <datafield tag="040" ind1=" " ind2=" ">
    <subfield code="a">ICU</subfield>
    <subfield code="b">eng</subfield>
    <subfield code="c">ICU</subfield>
    <subfield code="d">DLC</subfield>
    <subfield code="d">OClW-H</subfield>
  </datafield>
  <datafield tag="100" ind1="1" ind2=" ">
    <subfield code="a">Heide, Fritz,</subfield>
    <subfield code="d">1891-1973.</subfield>
    <subfield code="t">Kleine Meteoritenkunde.</subfield>
    <subfield code="l">English</subfield>
  </datafield>
  <datafield tag="400" ind1="1" ind2=" ">
    <subfield code="a">Heide, Fritz,</subfield>
    <subfield code="d">1891-1973.</subfield>
    <subfield code="t">Meteorites</subfield>
  </datafield>
  <datafield tag="670" ind1=" " ind2=" ">
    <subfield code="a">LCCN 63-20906: His Meteorites, 1964.</subfield>
  </datafield>
</record>